<?xml version="1.0" encoding="UTF-8"?><collection xmlns="http://www.loc.gov/MARC21/slim"><record><leader>00483nam--2200169-u-4500</leader><controlfield tag="001">000054699</controlfield><controlfield tag="002">20161230</controlfield><controlfield tag="005">20161230201051</controlfield><controlfield tag="008">120523s1000------------r-----000-0-eng-d</controlfield><datafield ind1=" " ind2=" " tag="040"><subfield code="a">IFIN-HH</subfield></datafield><datafield ind1=" " ind2=" " tag="080"><subfield code="a">539.172</subfield></datafield><datafield ind1="1" ind2=" " tag="100"><subfield code="a">Stein, Sanford</subfield></datafield><datafield ind1="1" ind2="0" tag="245"><subfield code="a">Hyperfine structure of dy 165 and spin of er 163</subfield><subfield code="b">Dissertation</subfield><subfield code="c">Sanford stein</subfield></datafield><datafield ind1=" " ind2=" " tag="260"><subfield code="a">Ann Arfor, Michigan</subfield><subfield code="b">University Microfilms, Inc</subfield><subfield code="c">1968</subfield></datafield><datafield ind1=" " ind2=" " tag="300"><subfield code="a">68P</subfield></datafield><datafield ind1=" " ind2=" " tag="852"><subfield code="a">32386</subfield><subfield code="c">539.163.2</subfield></datafield><datafield ind1=" " ind2=" " tag="CAT"><subfield code="a">Sys</subfield><subfield code="c">20120523</subfield><subfield code="h">165330</subfield></datafield></record></collection>